@Book{cooleshov,
  author = {А. А. Кулешов},
  title = {Анализ I. Краткий курс},
  year = 2021,
  url={https://vk.com/doc875354_624549330?hash=Ngl2aoSAs1ydz313zYPXVtFUqI7y3cp1skdvRlUkHIX&dl=Ll4ABZ941JIljGVT9E9yZxAhXKbLa8bpDM4Xuzl4CBD}
}

@Book{ilin_matan,
  author = {В. А. Ильин, В. А. Садовничий, Б. Х. Сендов},
  title = {Математический анализ, продолжение курса},
  year = 1987,
  url={https://docs.yandex.ru/docs/view?url=ya-disk-public%3A%2F%2FljGJ%2FKUXSQtTRipROZYgmj8jQzsO4AYeV8pj3SCje6DOOVzqfrd3y0zmdcMVc%2BPSq%2FJ6bpmRyOJonT3VoXnDag%3D%3D%3A%2F2%20%D0%BA%D1%83%D1%80%D1%81%2F%D0%9C%D0%B0%D1%82%D0%B0%D0%BD%20%D0%B8%20%D0%A2%D0%A4%D0%9A%D0%9F%2F1.%20%D0%9A%D0%BD%D0%B8%D0%B3%D0%B8%2F1.%20%D0%94%D0%B5%D0%B9%D1%81%D1%82%D0%B2%D0%B8%D1%82%D0%B5%D0%BB%D1%8C%D0%BD%D1%8B%D0%B9%20%D0%B0%D0%BD%D0%B0%D0%BB%D0%B8%D0%B7%2F%5B%D1%81%D0%B8%D0%BD%D0%B8%D0%B9%5D%20%D0%98%D0%BB%D1%8C%D0%B8%D0%BD%2C%20%D0%A1%D0%B0%D0%B4%D0%BE%D0%B2%D0%BD%D0%B8%D1%87%D0%B8%D0%B9%2C%20%D0%A1%D0%B5%D0%BD%D0%B4%D0%BE%D0%B2%20(%D1%87.2)%2F%D0%98%D0%BB%D1%8C%D0%B8%D0%BD%2C%20%D0%A1%D0%B0%D0%B4%D0%BE%D0%B2%D0%BD%D0%B8%D1%87%D0%B8%D0%B9%2C%20%D0%A1%D0%B5%D0%BD%D0%B4%D0%BE%D0%B2%20-%20%D0%9C%D0%90.pdf&name=%D0%98%D0%BB%D1%8C%D0%B8%D0%BD%2C%20%D0%A1%D0%B0%D0%B4%D0%BE%D0%B2%D0%BD%D0%B8%D1%87%D0%B8%D0%B9%2C%20%D0%A1%D0%B5%D0%BD%D0%B4%D0%BE%D0%B2%20-%20%D0%9C%D0%90.pdf&nosw=1}
}

@Book{sadovnichaya_mnogo_f,
  author = {И. В. Садовничая},
  title = {Функции многих пременных: теория и задачи},
  year = 2008,
  url={https://docs.yandex.ru/docs/view?url=ya-disk-public%3A%2F%2FljGJ%2FKUXSQtTRipROZYgmj8jQzsO4AYeV8pj3SCje6DOOVzqfrd3y0zmdcMVc%2BPSq%2FJ6bpmRyOJonT3VoXnDag%3D%3D%3A%2F1%20%D0%BA%D1%83%D1%80%D1%81%2F%D0%9C%D0%B0%D1%82%D0%B5%D0%BC%D0%B0%D1%82%D0%B8%D1%87%D0%B5%D1%81%D0%BA%D0%B8%D0%B9%20%D0%B0%D0%BD%D0%B0%D0%BB%D0%B8%D0%B7%2F1.%20%D0%9A%D0%BD%D0%B8%D0%B3%D0%B8%2F%5B%D0%9C%D0%B5%D1%82%D0%BE%D0%B4%D0%B8%D1%87%D0%BA%D0%B8%5D%20%D0%A1%D0%B0%D0%B4%D0%BE%D0%B2%D0%BD%D0%B8%D1%87%D0%B0%D1%8F%20%D0%A5%D0%BE%D1%80%D0%BE%D1%88%D0%B8%D0%BB%D0%BE%D0%B2%D0%B0%20%D0%A4%D0%BE%D0%BC%D0%B5%D0%BD%D0%BA%D0%BE%2F6.%20%D0%A1%D0%B0%D0%B4%D0%BE%D0%B2%D0%BD%D0%B8%D1%87%D0%B0%D1%8F.%20%D0%A4%D1%83%D0%BD%D0%BA%D1%86%D0%B8%D0%B8%20%D0%BC%D0%BD%D0%BE%D0%B3%D0%B8%D1%85%20%D0%BF%D0%B5%D1%80%D0%B5%D0%BC%D0%B5%D0%BD%D0%BD%D1%8B%D1%85%20(2008).pdf&name=6.%20%D0%A1%D0%B0%D0%B4%D0%BE%D0%B2%D0%BD%D0%B8%D1%87%D0%B0%D1%8F.%20%D0%A4%D1%83%D0%BD%D0%BA%D1%86%D0%B8%D0%B8%20%D0%BC%D0%BD%D0%BE%D0%B3%D0%B8%D1%85%20%D0%BF%D0%B5%D1%80%D0%B5%D0%BC%D0%B5%D0%BD%D0%BD%D1%8B%D1%85%20(2008).pdf&nosw=1}
}

@Book{kim,
  author = {Г. Д. Ким, В. А. Ильин},
  title = {Линейная алгебра и аналитическая геометрия},
  year = 2007,
  url={https://docs.yandex.ru/docs/view?url=ya-disk-public%3A%2F%2FljGJ%2FKUXSQtTRipROZYgmj8jQzsO4AYeV8pj3SCje6DOOVzqfrd3y0zmdcMVc%2BPSq%2FJ6bpmRyOJonT3VoXnDag%3D%3D%3A%2F1%20%D0%BA%D1%83%D1%80%D1%81%2F%D0%90%D0%BB%D0%B3%D0%B5%D0%B1%D1%80%D0%B0%20%D0%B8%20%D0%B3%D0%B5%D0%BE%D0%BC%D0%B5%D1%82%D1%80%D0%B8%D1%8F%20(%D0%9B%D0%B8%D0%BD%D0%B0%D0%BB)%2F1.%20%D0%9A%D0%BD%D0%B8%D0%B3%D0%B8%2F%5B%D0%A3%D1%87%D0%B5%D0%B1%D0%BD%D0%B8%D0%BA%5D%20%D0%9A%D0%B8%D0%BC%2C%20%D0%98%D0%BB%D1%8C%D0%B8%D0%BD%20(%D0%9B%D0%B8%D0%BD%D0%B5%D0%B9%D0%BD%D0%B0%D1%8F%20%D0%B0%D0%BB%D0%B3%D0%B5%D0%B1%D1%80%D0%B0%20%D0%B8%20%D0%B0%D0%BD%D0%B0%D0%BB%D0%B8%D1%82%D0%B8%D1%87%D0%B5%D1%81%D0%BA%D0%B0%D1%8F%20%D0%B3%D0%B5%D0%BE%D0%BC%D0%B5%D1%82%D1%80%D0%B8%D1%8F).pdf&name=%5B%D0%A3%D1%87%D0%B5%D0%B1%D0%BD%D0%B8%D0%BA%5D%20%D0%9A%D0%B8%D0%BC%2C%20%D0%98%D0%BB%D1%8C%D0%B8%D0%BD%20(%D0%9B%D0%B8%D0%BD%D0%B5%D0%B9%D0%BD%D0%B0%D1%8F%20%D0%B0%D0%BB%D0%B3%D0%B5%D0%B1%D1%80%D0%B0%20%D0%B8%20%D0%B0%D0%BD%D0%B0%D0%BB%D0%B8%D1%82%D0%B8%D1%87%D0%B5%D1%81%D0%BA%D0%B0%D1%8F%20%D0%B3%D0%B5%D0%BE%D0%BC%D0%B5%D1%82%D1%80%D0%B8%D1%8F).pdf}
}


@Book{pilschikov,
  author = {В. Н. Пильщиков, В. Г. Абрамов, А. А. Вылиток},
  title = {Машина Тьюринга и алгоритмы Маркова. Решение задач. Учебно-методическое пособие.},
  year = 2016,
  url={https://docs.yandex.ru/docs/view?url=ya-disk-public%3A%2F%2FljGJ%2FKUXSQtTRipROZYgmj8jQzsO4AYeV8pj3SCje6DOOVzqfrd3y0zmdcMVc%2BPSq%2FJ6bpmRyOJonT3VoXnDag%3D%3D%3A%2F1%20%D0%BA%D1%83%D1%80%D1%81%2F%5B1%20%D0%BF%D0%BE%D1%82%D0%BE%D0%BA%2C%201%20%D1%81%D0%B5%D0%BC.%5D%20%D0%90%D0%BB%D0%B3%D0%BE%D1%80%D0%B8%D1%82%D0%BC%D1%8B%20%D0%B8%20%D0%90%D0%AF%2F1.%20%D0%9A%D0%BD%D0%B8%D0%B3%D0%B8%2F%D0%9F%D0%B8%D0%BB%D1%8C%D1%89%D0%B8%D0%BA%D0%BE%D0%B2%20-%20%D0%9C%D0%B0%D1%88%D0%B8%D0%BD%D0%B0%20%D0%A2%D1%8C%D1%8E%D1%80%D0%B8%D0%BD%D0%B3%D0%B0%20%D0%B8%20%D0%B0%D0%BB%D0%B3%D0%BE%D1%80%D0%B8%D1%82%D0%BC%D1%8B%20%D0%9C%D0%B0%D1%80%D0%BA%D0%BE%D0%B2%D0%B0(2016).pdf&name=%D0%9F%D0%B8%D0%BB%D1%8C%D1%89%D0%B8%D0%BA%D0%BE%D0%B2%20-%20%D0%9C%D0%B0%D1%88%D0%B8%D0%BD%D0%B0%20%D0%A2%D1%8C%D1%8E%D1%80%D0%B8%D0%BD%D0%B3%D0%B0%20%D0%B8%20%D0%B0%D0%BB%D0%B3%D0%BE%D1%80%D0%B8%D1%82%D0%BC%D1%8B%20%D0%9C%D0%B0%D1%80%D0%BA%D0%BE%D0%B2%D0%B0(2016).pdf&nosw=1}
}


@Book{mashbook,
  author = {Маш-Маш},
  title = {Машбук. Операционные системы. Конспект лекций.},
  year = 2017,
  url={https://docs.yandex.ru/docs/view?url=ya-disk-public%3A%2F%2FljGJ%2FKUXSQtTRipROZYgmj8jQzsO4AYeV8pj3SCje6DOOVzqfrd3y0zmdcMVc%2BPSq%2FJ6bpmRyOJonT3VoXnDag%3D%3D%3A%2F2%20%D0%BA%D1%83%D1%80%D1%81%2F%D0%9F%D1%80%D0%BE%D0%B3%D1%80%D0%B0%D0%BC%D0%BC%D0%B8%D1%80%D0%BE%D0%B2%D0%B0%D0%BD%D0%B8%D0%B5%2F1.%20%D0%9E%D0%BF%D0%B5%D1%80%D0%B0%D1%86%D0%B8%D0%BE%D0%BD%D0%BD%D1%8B%D0%B5%20%D1%81%D0%B8%D1%81%D1%82%D0%B5%D0%BC%D1%8B%2F1.%20%D0%9A%D0%BD%D0%B8%D0%B3%D0%B8%20(%D0%B2%20%D1%81%D0%BE%D0%BE%D1%82%D0%B2%D0%B5%D1%82%D1%81%D0%B2%D0%B8%D0%B8%20%D1%81%D0%BE%20%D1%81%D0%BF%D0%B8%D1%81%D0%BA%D0%BE%D0%BC%20%D0%BB%D0%B8%D1%82-%D1%80%D1%8B%20%D1%81%20%D0%BB%D0%B5%D0%BA%D1%86%D0%B8%D0%B9)%2F2017.%20%D0%9C%D0%B0%D1%88%D0%B1%D1%83%D0%BA.pdf&name=2017.%20%D0%9C%D0%B0%D1%88%D0%B1%D1%83%D0%BA.pdf&nosw=1}
}


@Book{gerbert,
  author = {Герберт Шилдт},
  title = {C++. Шаг за шагом},
  year = 2013,
  url={https://drive.google.com/file/d/1-fCB_A7zkX9YYSGyEnkDpOogTYgUcQV0/view?usp=sharing}
}

@Book{bdbook,
  author = {С. Д. Кузнецов},
  title = {Основы современных БД},
  year = 2019,
  url={https://drive.google.com/file/d/1uvAyzdQt9yHSusCXvrb7BZ_d1Yfh_D1Q/view?usp=sharing}
}


@Book{denisov,
  author = {А. М. Денисов, А. В. Разгулин},
  title = {Обыкновенные дифференциальные уравнения, часть 1},
  year = 2009,
  url={https://drive.google.com/file/d/1piqpfimj19np-256y8QIstlzqBJdG-Cs/view?usp=sharing}
}

@Book{SadovnichayaOprIntegral,
  author = {И.В. Садовничая, Е.В. Хорошилова},
  title = {Определенный интеграл},
  url = {https://docs.yandex.ru/docs/view?url=ya-disk-public%3A%2F%2FljGJ%2FKUXSQtTRipROZYgmj8jQzsO4AYeV8pj3SCje6DOOVzqfrd3y0zmdcMVc%2BPSq%2FJ6bpmRyOJonT3VoXnDag%3D%3D%3A%2F1%20%D0%BA%D1%83%D1%80%D1%81%2F%D0%9C%D0%B0%D1%82%D0%B5%D0%BC%D0%B0%D1%82%D0%B8%D1%87%D0%B5%D1%81%D0%BA%D0%B8%D0%B9%20%D0%B0%D0%BD%D0%B0%D0%BB%D0%B8%D0%B7%2F1.%20%D0%9A%D0%BD%D0%B8%D0%B3%D0%B8%2F%5B%D0%9C%D0%B5%D1%82%D0%BE%D0%B4%D0%B8%D1%87%D0%BA%D0%B8%5D%20%D0%A1%D0%B0%D0%B4%D0%BE%D0%B2%D0%BD%D0%B8%D1%87%D0%B0%D1%8F%20%D0%A5%D0%BE%D1%80%D0%BE%D1%88%D0%B8%D0%BB%D0%BE%D0%B2%D0%B0%20%D0%A4%D0%BE%D0%BC%D0%B5%D0%BD%D0%BA%D0%BE%2F5.%20%D0%A1%D0%B0%D0%B4%D0%BE%D0%B2%D0%BD%D0%B8%D1%87%D0%B0%D1%8F.%20%D0%9E%D0%BF%D1%80%D0%B5%D0%B4%D0%B5%D0%BB%D0%B5%D0%BD%D0%BD%D1%8B%D0%B9%20%D0%B8%D0%BD%D1%82%D0%B5%D0%B3%D1%80%D0%B0%D0%BB.pdf&name=5.%20%D0%A1%D0%B0%D0%B4%D0%BE%D0%B2%D0%BD%D0%B8%D1%87%D0%B0%D1%8F.%20%D0%9E%D0%BF%D1%80%D0%B5%D0%B4%D0%B5%D0%BB%D0%B5%D0%BD%D0%BD%D1%8B%D0%B9%20%D0%B8%D0%BD%D1%82%D0%B5%D0%B3%D1%80%D0%B0%D0%BB.pdf}
 }

@Book{chimi,
  author = {Н.И. Ионкин},
  title = {Лекции по курсу Численные методы},
  year = 2015,
  url={https://docs.yandex.ru/docs/view?url=ya-disk-public%3A%2F%2FljGJ%2FKUXSQtTRipROZYgmj8jQzsO4AYeV8pj3SCje6DOOVzqfrd3y0zmdcMVc%2BPSq%2FJ6bpmRyOJonT3VoXnDag%3D%3D%3A%2F4%20%D0%BA%D1%83%D1%80%D1%81%2F3%20%D0%BF%D0%BE%D1%82%D0%BE%D0%BA%2F%D0%A7%D0%B8%D1%81%D0%BB%D0%B5%D0%BD%D0%BD%D1%8B%D0%B5%20%D0%BC%D0%B5%D1%82%D0%BE%D0%B4%D1%8B%2F%D0%BC%D0%B5%D1%82%D0%BE%D0%B4%D0%B8%D1%87%D0%BA%D0%B0%2C%20%D0%BB%D0%B5%D0%BA%D1%86%D0%B8%D0%B8%2F%D0%A7%D0%B8%D1%81%D0%BB%D0%B5%D0%BD%D0%BD%D1%8B%D0%B5%20%D0%BC%D0%B5%D1%82%D0%BE%D0%B4%D1%8B.%20%D0%98%D0%BE%D0%BD%D0%BA%D0%B8%D0%BD%20(%D0%BC%D0%B5%D1%82%D0%BE%D0%B4%D0%B8%D1%87%D0%BA%D0%B0)%20(2015).pdf&name=%D0%A7%D0%B8%D1%81%D0%BB%D0%B5%D0%BD%D0%BD%D1%8B%D0%B5%20%D0%BC%D0%B5%D1%82%D0%BE%D0%B4%D1%8B.%20%D0%98%D0%BE%D0%BD%D0%BA%D0%B8%D0%BD%20(%D0%BC%D0%B5%D1%82%D0%BE%D0%B4%D0%B8%D1%87%D0%BA%D0%B0)%20(2015).pdf&nosw=1}
}

@Book{matanBySashaK,
    author = {И.С. Ломов, А.А. Никитин},
    title = {Рукописные лекции по математическому анализу},
    year = {2019}
}

@Book{stat_book,
    author = {И. С. Рожков, А. С. Рыгин},
    title = {Почти наверное достаточное учебное пособие. Теория вероятностей и математическая статистика. Статбук},
    year = {2020},
    url={https://mandaloreultimate.github.io/stat-book/main.pdf}
}

@misc{mkpres,
    title = {Презентации к госам от маткиба},
    url="https://mk.cs.msu.ru/index.php/%D0%94%D0%B8%D1%81%D0%BA%D1%80%D0%B5%D1%82%D0%BD%D0%B0%D1%8F_%D0%BC%D0%B0%D1%82%D0%B5%D0%BC%D0%B0%D1%82%D0%B8%D0%BA%D0%B0_(1-%D0%B9_%D0%BF%D0%BE%D1%82%D0%BE%D0%BA)"
}

@Book{gurov,
  author = {С. И. Гуров, Д. А. Кропотов-плохой-человек},
  title = {Запись лекций по курсу прикладная алгебра. Алгебраические основы кодирования и шифрования},
  year = 2020,
  url={https://drive.google.com/file/d/1fHnSPhxeavLbLsJ5pejMPVgLlPRhXf2n/view}
}

@Book{habr_sort,
  author = {IT-сообщество},
  title = {Статьи про сортировку на Хабре},
  note="\url{https://habr.com/ru/post/204600/} ; 
        \url{https://codelessons.ru/cplusplus/algoritmy/puzyrkovaya-sortirovka-v-c-glavnye-momenty.html} ;
        \url{https://habr.com/ru/post/188010/} ;
        \url{https://habr.com/ru/post/181271/} ;
        \url{http://mindhalls.ru/quick-sort-c-cpp/} ;
        ",
}

@misc{padaryan,
    title="Лекции асм 1 потока",
    url={http://asmcourse.cs.msu.ru/?page_id=2439}
}

@Book{evergreen,
    author = {Evergreen},
    title={Какая-то ссылка про подходы к разработке},
    url={https://evergreens.com.ua/ru/articles/software-development-metodologies.html}
}

@Book{ignatiev4,
    author = {В. Н. Игнатьев},
    title={Лекция по формалкам 4 слайды},
    url={https://drive.google.com/file/d/1R1iQd8ZLr7NfFyhwMDN_bVhVmrXUnXnd/view?usp=sharing}
}

@Book{urmati,
  author = {Захаров, Дмитриева, Орлик},
  title = {Напиши источник!},
  year = 1234,
  url={https://docs.yandex.ru/docs/view?url=ya-disk-public%3A%2F%2FljGJ%2FKUXSQtTRipROZYgmj8jQzsO4AYeV8pj3SCje6DOOVzqfrd3y0zmdcMVc%2BPSq%2FJ6bpmRyOJonT3VoXnDag%3D%3D%3A%2F3%20%D0%BA%D1%83%D1%80%D1%81%2F3%20%D0%BF%D0%BE%D1%82%D0%BE%D0%BA%2F%5B5%20%D1%81%D0%B5%D0%BC.%5D%20%D0%A3%D1%80%D0%B0%D0%B2%D0%BD%D0%B5%D0%BD%D0%B8%D1%8F%20%D0%BC%D0%B0%D1%82%D0%B5%D0%BC%D0%B0%D1%82%D0%B8%D1%87%D0%B5%D1%81%D0%BA%D0%BE%D0%B9%20%D1%84%D0%B8%D0%B7%D0%B8%D0%BA%D0%B8%2F1.%20%D0%9A%D0%BD%D0%B8%D0%B3%D0%B8%2F%5B%D0%9C%D0%B5%D1%82%D0%BE%D0%B4%D0%B8%D1%87%D0%BA%D0%B0%5D%20%D0%97%D0%B0%D1%85%D0%B0%D1%80%D0%BE%D0%B2%2C%20%D0%94%D0%BC%D0%B8%D1%82%D1%80%D0%B8%D0%B5%D0%B2%D0%B0%2C%20%D0%9E%D1%80%D0%BB%D0%B8%D0%BA.pdf&name=%5B%D0%9C%D0%B5%D1%82%D0%BE%D0%B4%D0%B8%D1%87%D0%BA%D0%B0%5D%20%D0%97%D0%B0%D1%85%D0%B0%D1%80%D0%BE%D0%B2%2C%20%D0%94%D0%BC%D0%B8%D1%82%D1%80%D0%B8%D0%B5%D0%B2%D0%B0%2C%20%D0%9E%D1%80%D0%BB%D0%B8%D0%BA.pdf&nosw=1}
}

@Book{bd_type,
  author = {IT-сообщество},
  title = {Какие-то ссылки про БД},
  note = "
        \url{https://habr.com/ru/post/254773/} ; 
        \url{https://info-comp.ru/database-normalization}
  "
}

@Book{replace_me,
  author = {Пупкин-Залупкин},
  title = {Напиши источник!},
  year = 1234,
  url={https://zona.media/}
}

@Book{urmati_tikhonov,
  author = {А. Н. Тихонов, А. А. Самарский},
  title = {Уравнения матемтической физики},
  year = 1977,
  url={https://docviewer.yandex.ru/view/102697704/?*=b%2Ft9LX22Pg1KxdGBFlY305K%2B7pN7InVybCI6InlhLWRpc2stcHVibGljOi8vbGpHSi9LVVhTUXRUUmlwUk9aWWdtajhqUXpzTzRBWWVWOHBqM1NDamU2RE9PVnpxZnJkM3kwem1kY01WYytQU3EvSjZicG1SeU9Kb25UM1ZvWG5EYWc9PTovMyDQutGD0YDRgS8zINC%2F0L7RgtC%2B0LovWzUg0YHQtdC8Ll0g0KPRgNCw0LLQvdC10L3QuNGPINC80LDRgtC10LzQsNGC0LjRh9C10YHQutC%2B0Lkg0YTQuNC30LjQutC4LzEuINCa0L3QuNCz0Lgv0JTQvtC%2F0L7Qu9C90LjRgtC10LvRjNC90L4v0KLQuNGF0L7QvdC%2B0LIg0JAu0J0uINCh0LDQvNCw0YDRgdC60LjQuSDQkC7QkC4g0KPRgNCw0LLQvdC10L3QuNGPINC80LDRgtC10LzQsNGC0LjRh9C10YHQutC%2B0Lkg0YTQuNC30LjQutC4ICgxOTc3KS5kanZ1IiwidGl0bGUiOiLQotC40YXQvtC90L7QsiDQkC7QnS4g0KHQsNC80LDRgNGB0LrQuNC5INCQLtCQLiDQo9GA0LDQstC90LXQvdC40Y8g0LzQsNGC0LXQvNCw0YLQuNGH0LXRgdC60L7QuSDRhNC40LfQuNC60LggKDE5NzcpLmRqdnUiLCJub2lmcmFtZSI6ZmFsc2UsInVpZCI6IjEwMjY5NzcwNCIsInRzIjoxNjUyMTk2MTQ5NDU4LCJ5dSI6IjIxNjE2ODAxNTE2NDk4NTE0MTIifQ%3D%3D}
}

@misc{ssg,
    title={Презентации Гайсаряна},
    url={https://docs.yandex.ru/docs/view?url=ya-disk-public%3A%2F%2FljGJ%2FKUXSQtTRipROZYgmj8jQzsO4AYeV8pj3SCje6DOOVzqfrd3y0zmdcMVc%2BPSq%2FJ6bpmRyOJonT3VoXnDag%3D%3D%3A%2F4%20%D0%BA%D1%83%D1%80%D1%81%2F3%20%D0%BF%D0%BE%D1%82%D0%BE%D0%BA%2F%D0%9A%D0%BE%D0%BD%D1%81%D1%82%D1%80%D1%83%D0%B8%D1%80%D0%BE%D0%B2%D0%B0%D0%BD%D0%B8%D0%B5%20%D0%BA%D0%BE%D0%BC%D0%BF%D0%B8%D0%BB%D1%8F%D1%82%D0%BE%D1%80%D0%BE%D0%B2%2F%D0%9F%D1%80%D0%B5%D0%B7%D0%B5%D0%BD%D1%82%D0%B0%D1%86%D0%B8%D0%B8%2F2019.%20Slides%2Fmerged-konstr.pdf&name=merged-konstr.pdf&nosw=1}
}

@book{dragonbook,
  title={Компиляторы: принципы, технологии и инструментарий (Драгонбук)},
  author={Ульман, Д. and Сети, Р. and Лам, М. and Ахо, А.},
  isbn={9785041399252},
  url={https://books.google.ru/books?id=PH11DwAAQBAJ},
  year={2022},
  publisher={ЛитРес}
}

@misc{parallel_lec7, 
    title = {Курс распределенных систем},
    url={https://parallel.ru/krukov/lec7.html}
}

@misc{parallel_lec5, 
    title = {Курс распределенных систем},
    url={https://parallel.ru/krukov/lec5.html}
}

@misc{keldysh_ros_2021,
    author = {В. А. Бахтин},
    title={Презы по распределенным системам},
    url="http://dvmh.keldysh.ru/projects/ros2021/files?sort=created_on%3Adesc%2Cfilename"
}

@misc{golovin,
    author={И.Г. Головин},
    title={Материалы по языкам программирования к госэкзамену},
    url={https://m.cs.msu.ru/index.php/s/N6FkcmFbxQkS8z9?path=%2FГоловинИГ%2FГОС-Консультация}
}

@misc{iit_graphics,
    title={Презентация по освещению от ИИТа},
    url={https://docplayer.com/32165509-Lokalnye-i-globalnye-modeli-osveshcheniya-model-fonga-zakraska.html}
}

@Book{smelbook1,
    title={Компьютерные сети, том 1},
    author={Р. Л. Смелянский},
    url={https://docs.yandex.ru/docs/view?url=ya-disk-public%3A%2F%2FljGJ%2FKUXSQtTRipROZYgmj8jQzsO4AYeV8pj3SCje6DOOVzqfrd3y0zmdcMVc%2BPSq%2FJ6bpmRyOJonT3VoXnDag%3D%3D%3A%2F3%20курс%2F3%20поток%2F%5B5%20сем.%5D%20Введение%20в%20сети%20ЭВМ%2FКниги%2FКомпьютерные%20сети.%20Том%201.%20Системы%20передачи%20данных.%20Р.Л.%20Смелянский.pdf&name=Компьютерные%20сети.%20Том%201.%20Системы%20передачи%20данных.%20Р.Л.%20Смелянский.pdf}
}

@Book{smelbook2,
    title={Компьютерные сети, том 2},
    author={Р. Л. Смелянский},
    url={https://docs.yandex.ru/docs/view?url=ya-disk-public%3A%2F%2FljGJ%2FKUXSQtTRipROZYgmj8jQzsO4AYeV8pj3SCje6DOOVzqfrd3y0zmdcMVc%2BPSq%2FJ6bpmRyOJonT3VoXnDag%3D%3D%3A%2F3%20курс%2F3%20поток%2F%5B5%20сем.%5D%20Введение%20в%20сети%20ЭВМ%2FКниги%2FКомпьютерные%20сети.%20Том%202.%20Сети%20в%20ЭВМ.%20Р.Л.%20Смелянский.pdf&name=Компьютерные%20сети.%20Том%202.%20Сети%20в%20ЭВМ.%20Р.Л.%20Смелянский.pdf}
}

@Book{ML_Robert,
    title={"Основы статистического обучения. Интеллектуальный анализ данных, логический вывод и прогнозирование},
    author={Хасти Тревор, Фридман Джером, Тибришани Роберт},
    url={https://disk.yandex.ru/i/7hFcxveec0JHnQ},

}